@InProceedings{Hainan17,
  author =  "Xu, Hainan and Koehn, Philipp",
  title =   "Zipporah: a Fast and Scalable Data Cleaning System for Noisy Web-Crawled Parallel Corpora",
  booktitle =   "Proceedings of the 2017 Conference on Empirical Methods in Natural Language Processing",
  year =  "2017",
  publisher =   "Association for Computational Linguistics",
  pages =   "2945--2950",
  location =  "Copenhagen, Denmark",
  url =   "http://aclweb.org/anthology/D17-1319",
}