@InProceedings{Hainan17,
  author    = "Xu, H. and Koehn, P.",
  title     = "Zipporah: a Fast and Scalable Data Cleaning System for Noisy Web-Crawled Parallel Corpora",
  booktitle = "Proceedings of EMNLP",
  year      = "2017",
  pages     = "2945--2950",
  url       = "http://aclweb.org/anthology/D17-1319",
}

@article{Friedman02,
  author     = {Friedman, J.},
  title      = {Stochastic Gradient Boosting},
  journal    = {Computational Statistics and Data Analysis},
  issue_date = {28 February 2002},
  volume     = {38},
  number     = {4},
  month      = feb,
  year       = {2002},
  issn       = {0167-9473},
  pages      = {367--378},
  url = {http://dx.doi.org/10.1016/S0167-9473(01)00065-2},
  publisher = {Elsevier Science Publishers B. V.},
} 

@article{Specia15,
  title = {Multi-level translation quality prediction with QUEST++},
  author = {Specia, L. and Paetzold, G. and Scarton, C.},
  journal = {ACL-IJCNLP},
  pages = {115--120},
  year = {2015}
}
